@misc{gl,
   title = "OpenGL",
   author = "{Khronos Consortium}",
   note = "\\\url{http://www.opengl.org/}"
}

@misc{freeglut,
   title = "freeglut",
   author = "Pawel Olzsta",
   note = "\\\url{http://freeglut.sourceforge.net/}"
   }

@misc{glew,
   title = "OpenGL Extension Wrangler",
   author = "Milan Ikits, Marcelo Magallon",
   note = "\\\url{http://glew.sourceforge.net}"
   }

@misc{glsl,
   title = "OpenGL Shader Language",
   author = "{Khronos Consortium}",
   note = "\\\url{http://www.opengl.org/documentation/glsl/}"
   }

@misc{lua,
   title = "Lua Programming Language",
   author = "Roberto Ierusalimschy, Luiz Henrique de Figueiredo),
   Waldemar Celes",
   note = "\\\url{http://www.lua.org/}"
   }

@misc{rofl,
   title = "League of Legends",
   author = "{Riot Games}",
   note = "\\\url{http://www.leagueoflegends.com/}"
   }

@misc{fat,
   title = "Fat Princess",
   author = "{Titan Studios}",
   note = "\\\url{http://us.playstation.com/games-and-media/games/fat-princess-ps3.html}"
   }